<?xml version="1.0" encoding="UTF-8"?><collection xmlns="http://www.loc.gov/MARC21/slim"><record><leader>00480nam--2200157-i-4500</leader><controlfield tag="001">000014625</controlfield><controlfield tag="002">20161230</controlfield><controlfield tag="005">20170225201342</controlfield><controlfield tag="008">060222s1000------------r-----000-0-eng-d</controlfield><datafield ind1=" " ind2=" " tag="245"><subfield code="a">Development of a high power glass laser system and research x-ray generation</subfield></datafield><datafield ind1=" " ind2=" " tag="260"><subfield code="a">Tokyo</subfield><subfield code="b">Institute For Solid State Physics</subfield><subfield code="c">1982</subfield></datafield><datafield ind1=" " ind2=" " tag="300"><subfield code="a">22 p</subfield></datafield><datafield ind1=" " ind2=" " tag="490"><subfield code="a">Techn.Rep.Of Issp Ser.A</subfield></datafield><datafield ind1=" " ind2=" " tag="700"><subfield code="a">Motoyoshi, Nagase</subfield></datafield><datafield ind1=" " ind2=" " tag="852"><subfield code="a">621.375.826:535-34(047.3)</subfield></datafield><datafield ind1=" " ind2=" " tag="CAT"><subfield code="a">SYS</subfield><subfield code="c">20170225</subfield><subfield code="h">201342</subfield></datafield></record></collection>